@book{texbook,
  author = {Donald E. Knuth},
  year = {1986},
  title = {The {\TeX} Book},
  publisher = {Addison-Wesley Professional},
}

@misc{ligero,
  author = {Scott Ames and Carmit Hazay and Yuval Ishai and Muthuramakrishnan
            Venkitasubramaniam},
  title = {Ligero: Lightweight Sublinear Arguments Without a Trusted Setup},
  year = {2022},
  doi = {10.1145/3133956},
}
